<record><leader>00000cas a22000007a 4500</leader><controlfield tag="001">11491572</controlfield><controlfield tag="008">841214d19812007nduwr ne      0   a0eng d</controlfield><datafield ind1=" " ind2=" " tag="010"><subfield code="a">sn 84006679 </subfield></datafield><datafield ind1=" " ind2=" " tag="040"><subfield code="a">NSD</subfield><subfield code="b">eng</subfield><subfield code="c">NSD</subfield><subfield code="d">NOP</subfield><subfield code="d">OCL</subfield><subfield code="d">OCLCQ</subfield><subfield code="d">HND</subfield></datafield><datafield ind1=" " ind2=" " tag="012"><subfield code="m">1</subfield></datafield><datafield ind1="1" ind2=" " tag="022"><subfield code="a">8750-5436</subfield><subfield code="l">8750-5436</subfield><subfield code="2">1</subfield></datafield><datafield ind1=" " ind2=" " tag="032"><subfield code="a">598570</subfield><subfield code="b">USPS</subfield></datafield><datafield ind1=" " ind2=" " tag="037"><subfield code="b">Ness Press, P.O. Box 157, Fordville, ND 58231</subfield></datafield><datafield ind1=" " ind2=" " tag="042"><subfield code="a">nsdp</subfield></datafield><datafield ind1=" " ind2="0" tag="222"><subfield code="a">McVille messenger</subfield></datafield><datafield ind1="0" ind2="0" tag="245"><subfield code="a">McVille messenger.</subfield></datafield><datafield ind1=" " ind2=" " tag="260"><subfield code="a">McVille, N.D. :</subfield><subfield code="b">[s.n.],</subfield><subfield code="c">1981-2007.</subfield></datafield><datafield ind1=" " ind2=" " tag="300"><subfield code="a">v. :</subfield><subfield code="b">ill. ;</subfield><subfield code="c">44 cm.</subfield></datafield><datafield ind1=" " ind2=" " tag="310"><subfield code="a">Weekly</subfield></datafield><datafield ind1="0" ind2=" " tag="362"><subfield code="a">Vol. 1, no. 1 (June 25, 1981)-vol. 26, no. 37 (May 31, 2007).</subfield></datafield><datafield ind1=" " ind2=" " tag="500"><subfield code="a">Published in Fordville, N.D., Aug. 6, 1981-May 31, 2007.</subfield></datafield><datafield ind1=" " ind2=" " tag="530"><subfield code="a">Available on microfilm from the State Historical Society of North Dakota.</subfield></datafield><datafield ind1=" " ind2=" " tag="752"><subfield code="a">United States</subfield><subfield code="b">North Dakota</subfield><subfield code="c">Ramsey</subfield><subfield code="d">Fordville.</subfield></datafield><datafield ind1=" " ind2=" " tag="752"><subfield code="a">United States</subfield><subfield code="b">North Dakota</subfield><subfield code="c">Nelson</subfield><subfield code="d">McVille.</subfield></datafield><datafield ind1=" " ind2=" " tag="936"><subfield code="a">Nov. 22, 1984</subfield></datafield></record>